<?xml version="1.0" encoding="UTF-8"?><record xmlns="http://www.loc.gov/MARC21/slim" xmlns:cinclude="http://apache.org/cocoon/include/1.0" xmlns:zs="http://www.loc.gov/zing/srw/">
  <leader>01213cz  a2200229n  4500</leader>
  <controlfield tag="001">n  87866182 </controlfield>
  <controlfield tag="003">DLC</controlfield>
  <controlfield tag="005">20151114073831.0</controlfield>
  <controlfield tag="008">880418n| azannaabn          |b anc     c</controlfield>
  <datafield tag="010" ind1=" " ind2=" ">
    <subfield code="a">n  87866182 </subfield>
  </datafield>
  <datafield tag="035" ind1=" " ind2=" ">
    <subfield code="a">(OCoLC)oca02253403</subfield>
  </datafield>
  <datafield tag="040" ind1=" " ind2=" ">
    <subfield code="a">IU</subfield>
    <subfield code="b">eng</subfield>
    <subfield code="e">rda</subfield>
    <subfield code="c">DLC</subfield>
    <subfield code="d">MiU</subfield>
    <subfield code="d">DLC</subfield>
    <subfield code="d">InU</subfield>
  </datafield>
  <datafield tag="110" ind1="1" ind2=" ">
    <subfield code="a">Estonia.</subfield>
    <subfield code="b">Välisministeerium</subfield>
  </datafield>
  <datafield tag="410" ind1="1" ind2=" ">
    <subfield code="a">Estonia.</subfield>
    <subfield code="b">Министерство иностранных дел</subfield>
  </datafield>
  <datafield tag="410" ind1="1" ind2=" ">
    <subfield code="a">Estonia.</subfield>
    <subfield code="b">Ministerstvo inostrannykh del</subfield>
  </datafield>
  <datafield tag="410" ind1="1" ind2=" ">
    <subfield code="a">Estonia.</subfield>
    <subfield code="b">Ministry of Foreign Affairs</subfield>
  </datafield>
  <datafield tag="410" ind1="1" ind2=" ">
    <subfield code="a">Estonia.</subfield>
    <subfield code="b">Foreign Affairs, Ministry of</subfield>
  </datafield>
  <datafield tag="667" ind1=" " ind2=" ">
    <subfield code="a">Non-Latin script reference not evaluated.</subfield>
  </datafield>
  <datafield tag="670" ind1=" " ind2=" ">
    <subfield code="a">Sotsialistlikud revolutsioonid Eestis 1917-1940. Russian. Sot︠s︡ialisticheskie revoli︠u︡t︠s︡ii v Ėstonii ... 1987:</subfield>
    <subfield code="b">t.p. (Ministerstvo inostrannykh del Ėstonskoĭ SSR)</subfield>
  </datafield>
  <datafield tag="670" ind1=" " ind2=" ">
    <subfield code="a">Sotsialistlikud revolutsioonid Eestis 1917-1940, 1986:</subfield>
    <subfield code="b">t.p. (Eesti NSV Välisministeerium)</subfield>
  </datafield>
  <datafield tag="670" ind1=" " ind2=" ">
    <subfield code="a">Estonia.  Restoration of independence of the Republic of Estonia, 1991:</subfield>
    <subfield code="b">t.p. (Ministry of Foreign Affairs of the Republic of Estonia)</subfield>
  </datafield>
  <datafield tag="670" ind1=" " ind2=" ">
    <subfield code="a">Vosstanovlenie nezavisimosti Ėstonskoĭ Respubliki, 1991:</subfield>
    <subfield code="b">t.p. (Ministerstvo inostrannykh del Ėstonskoĭ Respubliki)</subfield>
  </datafield>
</record>